<?xml version="1.0" encoding="UTF-8"?><collection xmlns="http://www.loc.gov/MARC21/slim"><record><leader>00685nam--2200193-i-4500</leader><controlfield tag="001">000004088</controlfield><controlfield tag="002">20161230</controlfield><controlfield tag="005">20161230201025</controlfield><controlfield tag="008">060222s1000------------r-----000-0-fre-d</controlfield><datafield ind1=" " ind2=" " tag="040"><subfield code="a">IFIN-HH</subfield></datafield><datafield ind1=" " ind2=" " tag="041"><subfield code="a">fre</subfield></datafield><datafield ind1=" " ind2=" " tag="080"><subfield code="a">539.2</subfield></datafield><datafield ind1="1" ind2=" " tag="100"><subfield code="a">Cauchois, Y</subfield></datafield><datafield ind1="1" ind2="0" tag="245"><subfield code="a">Action des rayonnements de grande energie sur les solides</subfield><subfield code="c">Y. cauchois, j. friedel, n.f. mott, a. herpin, j. blin, p. aigrain, h. curien, g. mayer, p. perio, m.tournarie, m. gance, m. lambert, a. guinier, a. chapiro, j. uebersfeld</subfield></datafield><datafield ind1=" " ind2=" " tag="260"><subfield code="a">Paris</subfield><subfield code="b">Gauthier-villars</subfield><subfield code="c">1956</subfield></datafield><datafield ind1=" " ind2=" " tag="300"><subfield code="a">141 P. CU FIGURI</subfield></datafield><datafield ind1=" " ind2=" " tag="490"><subfield code="a">Monographies De Chimie Physique</subfield></datafield><datafield ind1=" " ind2=" " tag="852"><subfield code="a">11961</subfield><subfield code="c">539.21</subfield></datafield><datafield ind1=" " ind2=" " tag="CAT"><subfield code="a">Sys</subfield><subfield code="c">20121204</subfield><subfield code="h">171659</subfield></datafield></record></collection>